<?xml version="1.0" encoding="UTF-8"?><collection xmlns="http://www.loc.gov/MARC21/slim"><record><leader>00354nam--2200121-i-4500</leader><controlfield tag="001">000027476</controlfield><controlfield tag="002">20161230</controlfield><controlfield tag="005">20161230201036</controlfield><controlfield tag="008">060222s1000------------r-----000-0-eng-d</controlfield><datafield ind1=" " ind2=" " tag="100"><subfield code="a">Kort, C.W.F. And Neeter, R</subfield></datafield><datafield ind1=" " ind2=" " tag="245"><subfield code="a">Metastable precursor ions. a table for use in mass spectrometry</subfield></datafield><datafield ind1=" " ind2=" " tag="260"><subfield code="a">Amsterdam, Elsevier Sc.Publ.Co.,1973. P.Dif</subfield></datafield><datafield ind1=" " ind2=" " tag="852"><subfield code="a">41228</subfield></datafield></record></collection>